@article{
  han_heo_park_kee_sunwoo_2016,
  title   = {Vehicle distance estimation using a mono-camera for FCW/AEB systems},
  volume  = {17},
  doi     = {10.1007/s12239-016-0050-9},
  number  = {3},
  journal = {International Journal of Automotive Technology},
  author  = {Han, J. and Heo, O. and Park, M. and Kee, S. and Sunwoo, M.},
  year    = {2016},
  pages   = {483â€“491}
}